%% This BibTeX bibliography file was created using BibDesk.
%% http://bibdesk.sourceforge.net/


%% Created for Hsiao-Yu Tung at 2014-01-23 12:17:19 -0500

%%%
@INPROCEEDINGS{Dufour_NIPSW13,
  title={Multi-Instance Multi-Label Acoustic Classification of Plurality of Animals : birds, insects \& amphibian},
  author={Dufour, Olivier and Glotin, Hervé and Artières, Thierry and Bas, Yves and Giraudet, Pascale},
  booktitle={Workshop on Neural Information Processing Scaled for Bioacoustics},
  pages = {164-174},
  year={2013},
  owner = {deanh},
}

@INPROCEEDINGS{Mencia_NIPSW13,
  title={Learning multi-labeled bioacoustic samples with an unsupervised feature learning approach},
  author={Eneldo Loza Menc\'ia and Jinseok Nam and Dong-Hyun Lee},
  booktitle={Workshop on Neural Information Processing Scaled for Bioacoustics},
  pages = {184-189},
  year={2013},
  owner = {deanh},
}

@INPROCEEDINGS{Stowell_NIPSW13,
  title={Feature design for multilabel bird song classification in noise},
  author={Dan Stowell and Mark D. Plumbley},
  booktitle={Workshop on Neural Information Processing Scaled for Bioacoustics},
  pages = {182-183},
  year={2013},
  owner = {deanh},
}

 

@InProceedings{Li_CVPR05,
  author =	"F. F. Li and P. Perona",
  title =	"A Bayesian Hierarchical Model for Learning Natural
		 Scene Categories",
  booktitle =	"CVPR",
  year = 	"2005",
  owner = {deanh},
}
@inproceedings{Zhang_SDM2010,
  title={Multi-label Classification without the Multi-label Cost.},
  author={Zhang, Xiatian and Yuan, Quan and Zhao, Shiwan and Fan, Wei and Zheng, Wentao and Wang, Zhong},
  booktitle={SDM},
  pages={778--789},
  year={2010},
  organization={SIAM}
  owner = {deanh},
}

%%%

%% Saved with string encoding Unicode (UTF-8)
@INPROCEEDINGS{Lasseck13,
  title={Bird song classification in field recordings: Winning solution for {NIPS4B} 2013 competition},
  author={Lasseck, M.},
  booktitle={Workshop on Neural Information Processing Scaled for Bioacoustics},
  pages = {176--181},
  year={2013},
  owner = {xfxie},
  timestamp = {2014.02.10}
}

@INPROCEEDINGS{chennovel13,
  title={A Novel Approach Based on Ensemble Learning to NIPS4B Challenge},
  author={Chen, Wei and Zhao, Gang and Li, Xiaohui},
  booktitle={Workshop on Neural Information Processing Scaled for Bioacoustics},
  pages = {195-197},
  year={2013},
  owner = {xfxie},
  timestamp = {2014.03.22}
}

@INPROCEEDINGS{Massaron13,
  title={Ensemble logistic regression and gradient boosting classifiers for multilabel bird song classification in noise},
  author={Luca Massaron},
  booktitle={Workshop on Neural Information Processing Scaled for Bioacoustics},
  pages = {190-194},
  year={2013},
  owner = {xfxie},
  timestamp = {2014.02.10}
}

@INPROCEEDINGS{stattnersong13,
  title={Song-based Classification techniques for Endangered Bird Conservation},
  author={Stattner, Erick and Segretier, Wilfried and Collard, Martine and Hunel, Philippe and Vidot, Nicolas},
  booktitle={Workshop on Machine Learning for Bioacoustics},
  pages = {67--73},
  year={2013},
  owner = {xfxie},
  timestamp = {2014.02.10}
}

@INPROCEEDINGS{dufour2013clusterized,
  author={Dufour, Olivier and Artieres, Thierry and Glotin, Herv{\'e} and Giraudet, Pascale},
  title={Clusterized Mel Filter cepstral coefficients and Support Vector Machines for bird song idenfication},
  booktitle={Workshop on Machine Learning for Bioacoustics},
  pages = {89--92},
  year={2013},
  owner = {xfxie},
  timestamp = {2014.02.10}
}

@INPROCEEDINGSw,
  title={The ninth annual MLSP competition: Overview},
  author={Forrest Briggs and Raviv Raich and Konstantinos Eftaxias and Zhong Lei and Yonghong Huang},
  booktitle={IEEE International Workshop on Machine Learning for Signal Processing},
  year={2013},
  owner = {xfxie},
}

@INPROCEEDINGS{Mishchenko13,
  title={Birds calls classification in field recordings: Analysis of challenges and difficulties in comparison with speech recognition},
  author={Mishchenko, Ales and  Glotin, Herve},
  booktitle={Workshop on Machine Learning for Bioacoustics},
  pages = {74--77},
  year={2013}
  owner = {xfxie},
}

@INPROCEEDINGS{Benetos13,
  title={Acoustic Identification of Bird Species Using Probabilistic Latent Component Analysis},
  author={ Benetos, Emmanouil},
  booktitle={Workshop on Machine Learning for Bioacoustics},
  pages = {83--84},
  year={2013}
}

@article{briggs2013instance,
  title={Instance annotation for multi-instance multi-label learning},
  author={Briggs, Forrest and Fern, Xiaoli Z and Raich, Raviv and Lou, Qi},
  journal={ACM Transactions on Knowledge Discovery from Data},
  volume={7},
  number={3},
  pages={14},
  year={2013},
  publisher={ACM}
}

@article{mlsp2,
	Author = {F. Briggs and X. Z. Fern  and J. Irvine},
  journal={arXiv:1304.5862},
	Number = {abs/1304.5862},
	Title = {Multi-label classifier chains for bird sound},
	Year = {2013}
}

@article{mlsp1,
	Author = {F. Briggs and B. Lakshminarayanan and L. Neal and X. Fern and R. Raich and S. J. K. Hadley and A. S. Hadley and M. G. Betts},
	Journal = {Journal of the Acoustical Society of America},
	Volume = {131},
  pages = {4640--4650},
	Title = {Acoustic classification of multiple simultaneous bird species: a multi-instance multi-label approach},
	Year = {2012}
}


