%% This BibTeX bibliography file was created using BibDesk.
%% http://bibdesk.sourceforge.net/


%% Created for Hsiao-Yu Tung at 2014-01-23 12:17:19 -0500


%% Saved with string encoding Unicode (UTF-8)
@INPROCEEDINGS{Lasseck13,
  title={Bird song classification in field recordings: Winning solution for {NIPS4B} 2013 competition},
  author={Lasseck, M.},
  booktitle={Workshop on Neural Information Processing Scaled for Bioacoustics},
  pages = {176--181},
  year={2013},
  owner = {xfxie},
  timestamp = {2014.02.10}
}

@INPROCEEDINGS{stattnersong13,
  title={Song-based Classification techniques for Endangered Bird Conservation},
  author={Stattner, Erick and Segretier, Wilfried and Collard, Martine and Hunel, Philippe and Vidot, Nicolas},
  booktitle={Workshop on Machine Learning for Bioacoustics},
  pages = {67--73},
  year={2013},
  owner = {xfxie},
  timestamp = {2014.02.10}
}

@INPROCEEDINGS{dufour2013clusterized,
  author={Dufour, Olivier and Artieres, Thierry and Glotin, Herv{\'e} and Giraudet, Pascale},
  title={Clusterized Mel Filter cepstral coefficients and Support Vector Machines for bird song idenfication},
  booktitle={Workshop on Machine Learning for Bioacoustics},
  pages = {89--92},
  year={2013},
  owner = {xfxie},
  timestamp = {2014.02.10}
}

@INPROCEEDINGS{Mishchenko13,
  title={Birds calls classification in field recordings: Analysis of challenges and difficulties in comparison with speech recognition},
  author={Mishchenko, Ales and  Glotin, Herve},
  booktitle={Workshop on Machine Learning for Bioacoustics},
  pages = {74--77},
  year={2013}
}

@INPROCEEDINGS{Benetos13,
  title={Acoustic Identification of Bird Species Using Probabilistic Latent Component Analysis},
  author={ Benetos, Emmanouil},
  booktitle={Workshop on Machine Learning for Bioacoustics},
  pages = {83--84},
  year={2013}
}

@article{briggs2013instance,
  title={Instance annotation for multi-instance multi-label learning},
  author={Briggs, Forrest and Fern, Xiaoli Z and Raich, Raviv and Lou, Qi},
  journal={ACM Transactions on Knowledge Discovery from Data},
  volume={7},
  number={3},
  pages={14},
  year={2013},
  publisher={ACM}
}

@article{mlsp2,
	Author = {F. Briggs and X. Z. Fern  and J. Irvine},
	Journal = {CoRR},
	Number = {abs/1304.5862},
	Title = {Multi-label classifier chains for bird sound},
	Year = {2013}
}

@article{mlsp1,
	Author = {F. Briggs and B. Lakshminarayanan and L. Neal and X. Fern and R. Raich and S. J. K. Hadley and A. S. Hadley and M. G. Betts},
	Journal = {Journal of the Acoustical Society of America},
	Volume = {131},
  pages = {4640--4650},
	Title = {Acoustic classification of multiple simultaneous bird species: a multi-instance multi-label approach},
	Year = {2012}
}


